@misc{angles2020snb,
  doi       = {10.48550/ARXIV.2001.02299},
  url       = {https://arxiv.org/abs/2001.02299},
  author    = {Angles, Renzo and Antal, János Benjamin and Averbuch, Alex and Birler, Altan and Boncz, Peter and Búr, Márton and Erling, Orri and Gubichev, Andrey and Haprian, Vlad and Kaufmann, Moritz and Pey, Josep Lluís Larriba and Martínez, Norbert and Marton, József and Paradies, Marcus and Pham, Minh-Duc and Prat-Pérez, Arnau and Spasić, Mirko and Steer, Benjamin A. and Szakállas, Dávid and Szárnyas, Gábor and Waudby, Jack and Wu, Mingxi and Zhang, Yuchen},
  keywords  = {Databases (cs.DB), Performance (cs.PF), Social and Information Networks (cs.SI), FOS: Computer and information sciences, FOS: Computer and information sciences, H.2.4},
  title     = {The {LDBC} Social Network Benchmark},
  publisher = {arXiv},
  year      = {2020},
  copyright = {arXiv.org perpetual, non-exclusive license}
}
